@article{blum2009mathematical,
  title={Mathematical modelling: Can it be taught and learnt?},
  author={Blum, Werner and Borromeo, Rita},
  journal={Journal of mathematical modelling and application},
  volume={1},
  number={1},
  pages={45--58},
  year={2009}
}

@article{bua2016competencia,
  title={Competencia matem{\'a}tica de los alumnos en el contexto de una modelizaci{\'o}n: aceite y agua},
  author={B{\'u}a Ares, J Benito and Fern{\'a}ndez Blanco, M{\textordfeminine} and Salinas Portugal, M{\textordfeminine}},
  journal={Revista latinoamericana de investigaci{\'o}n en matem{\'a}tica educativa},
  volume={19},
  number={2},
  pages={135--164},
  year={2016}
}

@book{freudenthal1973math,
  title={Mathematics as an Educational Task},
  author={Freudenthal, Hans},
  year={1973},
  publisher={Springer Netherlands},
  doi={10.1007/978-94-010-2903-2}
}

@book{freudenthal2002math,
  title={Revisiting Mathematics Education},
  author={Freudenthal, Hans},
  year={2002},
  publisher={Springer Netherlands},
  doi={10.1007/0-306-47202-3}
}

@book{oecd2015framework,
  author={OECD},
  title={ PISA 2015 Assessment and Analytical Framework: Science, Reading, Mathematic, Financial Literacy and Collaborative Problem Solving, revised edition},
  publisher={OCDE Publishing},
  year={2015},
  address={Paris},
  doi={http://dx.doi.org/10.1787/9789264281820-en}
}

@book{oecd2010education,
  title={Education at a glance 2012: Highlights},
  author={Organisation for Economic Co-operation and Development (OECD)},
  year={2012},
  publisher={OECD Paris},
  doi={https://doi.org/10.1787/eag_highlights-2012-15-en}
}
